@misc{stake,
  title = {{Bing Chat with GPT-4} “Who would be a stakeholder for a Attitude estimation algorithm?”},
  howpublished = {\url{https://sl.bing.net/dnfjOHJSXDg}},
  note = {Accessed: 2024-01-16}
}

@misc{statement,
  title = {{Bing Chat with GPT-4} “can you create a problem statement for a attitude estimation project"},
  howpublished = {\url{https://sl.bing.net/hakggcilB2y}},
  note = {Accessed: 2024-01-16}
}
